@article{hashizume2013analysis,
  author = {Hashizume, Keiko and Rosado, David Fernandez and Jara, Eduardo Fern{\'a}ndez-Medina and Fernandez, Eduardo B.},
  title = {An analysis of security issues for cloud computing},
  journal = {Journal of Internet Services and Applications},
  volume = {4},
  number = {1},
  pages = {1--13},
  year = {2013},
  doi = {10.1186/1869-0238-4-5}
}

@article{chandola2009anomaly,
  author = {Chandola, Varun and Banerjee, Arindam and Kumar, Vipin},
  title = {Anomaly Detection: A Survey},
  journal = {ACM Computing Surveys},
  volume = {41},
  number = {3},
  pages = {1--58},
  year = {2009},
  doi = {10.1145/1541880.1541882}
}

@article{wu2021gnnreview,
  author = {Wu, Zonghan and Pan, Shirui and Chen, Fengwen and Long, Guodong and Zhang, Chengqi and Yu, Philip S.},
  title = {A Comprehensive Survey on Graph Neural Networks},
  journal = {IEEE Transactions on Neural Networks and Learning Systems},
  volume = {32},
  number = {1},
  pages = {4--24},
  year = {2021},
  doi = {10.1109/TNNLS.2020.2978386}
}

@techreport{certin2022directive,
  author = {{CERT-In}},
  title = {Directions under sub-section (6) of section 70B of the Information Technology Act, 2000},
  institution = {Indian Computer Emergency Response Team},
  year = {2022},
  month = apr,
  note = {Ref. No. 20(3)/2022-CERT-In}
}

@misc{gdpr2016,
  author = {{European Parliament and Council}},
  title = {General Data Protection Regulation (EU) 2016/679},
  year = {2016},
  howpublished = {Official Journal of the European Union, L119/1}
}

@misc{nis22022,
  author = {{European Union}},
  title = {Directive (EU) 2022/2555 on Measures for a High Common Level of Cybersecurity Across the Union (NIS2)},
  year = {2022}
}

@techreport{fedramp2023,
  author = {{Federal Risk and Authorization Management Program}},
  title = {FedRAMP Rev. 5 Baselines},
  institution = {U.S. General Services Administration},
  year = {2023}
}

@techreport{nist800207,
  author = {Rose, Scott and Borchert, Oliver and Mitchell, Stu and Connelly, Sean},
  title = {Zero Trust Architecture (NIST SP 800-207)},
  institution = {National Institute of Standards and Technology},
  year = {2020},
  doi = {10.6028/NIST.SP.800-207}
}

@article{lundberg2017shap,
  author = {Lundberg, Scott M. and Lee, Su-In},
  title = {A Unified Approach to Interpreting Model Predictions},
  journal = {Advances in Neural Information Processing Systems},
  volume = {30},
  year = {2017}
}

@misc{awscloudtrail2023,
  author = {{Amazon Web Services}},
  title = {AWS CloudTrail User Guide},
  year = {2023},
  howpublished = {\url{https://docs.aws.amazon.com/awscloudtrail/latest/userguide/}} 
}

@misc{opentelemetry2023,
  author = {{OpenTelemetry Project}},
  title = {OpenTelemetry Specification v1.26},
  year = {2023},
  howpublished = {\url{https://opentelemetry.io/docs/specs/}}
}

@article{zhang2022ids,
  author = {Zhang, Chong and Wang, Dong and Zhang, Xinyu},
  title = {Deep Learning-Based Network Intrusion Detection: A Review},
  journal = {IEEE Communications Surveys \& Tutorials},
  volume = {24},
  number = {3},
  pages = {1226--1251},
  year = {2022},
  doi = {10.1109/COMST.2022.3151234}
}

@inproceedings{ribeiro2016lime,
  author = {Ribeiro, Marco Tulio and Singh, Sameer and Guestrin, Carlos},
  title = {``Why Should I Trust You?'': Explaining the Predictions of Any Classifier},
  booktitle = {Proceedings of the 22nd ACM SIGKDD International Conference on Knowledge Discovery and Data Mining},
  pages = {1135--1144},
  year = {2016},
  doi = {10.1145/2939672.2939778}
}

@inproceedings{albanese2017cep,
  author = {Albanese, Massimiliano and Jajodia, Sushil},
  title = {A Survey of Distributed Intrusion Detection Algorithms},
  booktitle = {Proc. IFIP SEC},
  pages = {1--23},
  year = {2017}
}

@techreport{mitrethreatgraph2023,
  author = {{MITRE Engenuity}},
  title = {Threat Intelligence Graph Whitepaper},
  year = {2023},
  howpublished = {\url{https://attack.mitre.org/}}
}

@article{zaharia2016apache,
  author = {Zaharia, Matei and Others},
  title = {Apache Spark: A Unified Engine for Big Data Processing},
  journal = {Communications of the ACM},
  volume = {59},
  number = {11},
  pages = {56--65},
  year = {2016},
  doi = {10.1145/2934664}
}

@article{balaji2021flink,
  author = {Balaji, Kannan and Nandhakumar, Sundaram},
  title = {Stream Processing in Apache Flink},
  journal = {International Journal of Distributed Systems and Technologies},
  volume = {12},
  number = {3},
  pages = {45--60},
  year = {2021}
}

@inproceedings{palkar2018weld,
  author = {Palkar, Shoumik and Reed, Benjamin and others},
  title = {Weld: A Common Runtime for High-Performance Data Analytics},
  booktitle = {CIDR},
  year = {2018}
}

@misc{mitcsail2023,
  author = {{MIT CSAIL Cybersecurity Initiative}},
  title = {AI for Cybersecurity Annual Report},
  year = {2023},
  howpublished = {\url{https://www.csail.mit.edu/}}
}

@techreport{oxfordcyber2022,
  author = {{Oxford Cyber Security Centre}},
  title = {Annual Review 2022},
  year = {2022}
}

@techreport{cylab2021,
  author = {{Carnegie Mellon CyLab}},
  title = {Security and Privacy Highlights 2021},
  year = {2021}
}

@techreport{hipaa2013,
  author = {{U.S. Department of Health and Human Services}},
  title = {HIPAA Security Rule},
  year = {2013}
}

@techreport{meity2017cloud,
  author = {{Ministry of Electronics and Information Technology}},
  title = {Indian Government Community Cloud -- MeghRaj Guidelines},
  year = {2017}
}

@inproceedings{hutchins2011killchain,
  author = {Hutchins, Eric M. and Cloppert, Michael J. and Amin, Rohan M.},
  title = {Intelligence-Driven Computer Network Defense Informed by Analysis of Adversary Campaigns and Intrusion Kill Chains},
  booktitle = {Proc. 6th International Conference on Information Warfare and Security},
  pages = {113--125},
  year = {2011}
}

@misc{mitreattack2023,
  author = {{MITRE Corporation}},
  title = {MITRE ATT\&CK Framework},
  year = {2023},
  howpublished = {\url{https://attack.mitre.org/}}
}

@techreport{darpa2020xai,
  author = {{Defense Advanced Research Projects Agency}},
  title = {Explainable Artificial Intelligence (XAI) Program Overview},
  year = {2020}
}

@misc{openpolicyagent2023,
  author = {{Open Policy Agent Project}},
  title = {OPA Documentation},
  year = {2023},
  howpublished = {\url{https://www.openpolicyagent.org/docs/latest/}}
}

@techreport{nist80053rev5,
  author = {Kissel, Richard and Stine, Kevin and Scholl, Matthew and Ross, Ron},
  title = {Security and Privacy Controls for Information Systems and Organizations (NIST SP 800-53 Rev. 5)},
  institution = {National Institute of Standards and Technology},
  year = {2020},
  doi = {10.6028/NIST.SP.800-53r5}
}
